@article{wan2000,
author={Eric Wan and Ronell Van Der Merwe and et al},
title={The Unscented {K}alman Filter for nonlinear estimation},
journal={IEEE Adaptive Systems for Signal Processing, Communications, and Control Symposium},
year={2000},
pages={153--158},
}

@article{julier1997,
author={Simon J. Julier and Jeffery K. Ulhmann},
title={A new extension of the {K}alman filter to nonlinear systems},
journal={Proc. AeroSense: 11th International Symposium on Aerospace/Defense Sensing, Simulation and Controls},
year={1997},
pages={182--193},
}

@report{woodbury2015,
author={Tim Woodbury},
title={Aero 626 Challenge Problem/Final Project},
note={Final Class Project},
year={2015},
pages={3--4},
}

@article{kalman1960,
Author = {Kalman, Rudolph Emil},
Title = {A New Approach to Linear Filtering and Prediction Problems},
Journal = {Transactions of the ASME--Journal of Basic Engineering},
Volume = {82},
Number = {Series D},
Pages = {35--45},
Year = {1960}
}

@book{crassidis2011,
author = {John Crassidis and John L. Junkins},
title = {Optimal Estimation of Dynamic Systems},
year = {2011},
edition = {2nd},
publisher = {Chapman and Hall/CRC},
pages={142--150,184--188},
}

@book{kay1993,
author = {Steven M. Kay},
title = {Fundamentals of Statistical Signal Processing, Volume I: Estimation Theory},
year = {1993},
edition = {1st},
publisher = {Prentice Hall PTR},
}
